2924 4738
505 363 605 380 --
654 323 711 400 soz
735 329 861 421 .-'-··

126 512 198 588 sius
212 507 574 586 Caninrsnarrartrit
597 508 634 582 in
656 509 814 585 maaria
829 537 834 574 ι
851 507 1093 584 Commemorat
1116 517 1231 586 autem

127 635 310 712 Suetonius
350 637 387 710 in
409 636 494 710 ..rita
518 632 681 709 'Caesaris
709 642 878 728 ¹auctores
908 635 1125 726 narrationis.
1146 659 1228 710 snae

127 770 261 861 praetor
287 763 406 862 ipsum.
419 763 546 838 Iulium
572 761 775 838 norom.
793 760 956 836 Bibulum·
982 786 1014 836 o.
1038 759 1076 835 9.
1100 757 1165 855 49,
1185 757 1232 836 G.

129 887 307 963 Curionem
339 895 371 964 c.
394 888 433 962 9.
456 884 525 962 49.
544 886 617 979 52,
644 884 850 982 Ciperonem.
866 913 906 964 wc.
926 887 969 963 ’9.
992 883 1230 976 3942549.

128 1016 190 1092 55.
217 1017 287 1110 55,
314 1013 472 1088 ossan·
499 1011 687 1086 aaronem
718 1037 755 1086 5.
779 1013 841 1088 su
867 1013 929 1090 55.
950 1013 1025 1108 55,
1055 1011 1228 1088 morsum
1298 985 1300 992 ‘
1440 947 1441 962 Ν

127 1139 528 1235 Οιιίιιιιιι,ΠοΙιιΗ15ιἰι,
553 1135 594 1212 C.
619 1136 836 1234 Memmium,
850 1201 854 1206 .
866 1138 921 1214 M.
943 1139 1086 1213 Brutum
1106 1141 1147 1214 c.'
1162 1136 1228 1234 49,

130 1267 171 1342 C.
197 1266 345 1366 Oppium
370 1291 401 1340 c.
423 1265 483 1341 52.
517 1263 579 1339 53.
600 1263 670 1356 72,
692 1263 880 1364 Augustum
904 1289 936 1339 c.
962 1264 1024 1341 55.
1050 1266 1119 1361 56,
1142 1266 1230 1340 ffir-

128 1396 210 1469 tium
236 1402 274 1468 c.
300 1393 361 1486 56,
388 1387 579 1464 Cornelium
603 1389 746 1464 Balbum
779 1417 809 1466 c.
835 1391 899 1468 81.
947 1391 1064 1490 Itaque
1098 1416 1173 1466 cum
1193 1393 1231 1465 lui

130 1543 242 1597 omnes
268 1517 423 1593 Caesaris
448 1524 596 1613 tempore
616 1515 784 1610 vixerint,
818 1525 856 1591 ut
879 1517 933 1592 M.
956 1517 1132 1592 Antonium
1156 1516 1233 1592 Na·

130 1672 243 1721 sonem
268 1653 302 1720 et
326 1643 374 1717 Τ.
399 1642 576 1740 Ampium,
603 1665 740 1738 quormn
765 1645 888 1718 mentio
915 1643 955 1718 fit
976 1669 1010 1718 c.
1031 1643 1069 1718 9.
1091 1644 1151 1720 52.
1166 1647 1233 1740 77,

128 1775 178 1846 ita
203 1770 389 1846 Tanusium
414 1763 724 1869 quoqueCaasaris
745 1775 781 1842 et
796 1766 929 1842 Catulli·
946 1771 1116 1869 aequalem
1128 1769 1234 1844 fuisse

131 1907 385 1972 consentaneum
420 1903 483 1969 est.
533 1893 719 1968 Tanusium
750 1904 983 1970 commemorat
1013 1897 1113 1969 etiam
1144 1896 1235 1969 Plu-

16 2121 22 2132 ,
130 2025 264 2098 tarchur
290 2021 389 2097 Caes.
412 2020 474 2096 22.
498 2015 642 2094 Videtur
661 2030 769 2095 autem
787 2023 958 2096 Tanusius
978 2023 1119 2121 primum
1145 2023 1235 2095 alio·

128 2175 203 2222 rum
226 2156 399 2247 poetarum
424 2145 577 2242 exemplo
605 2147 741 2220 annales
765 2147 930 2241 edidisse,
960 2173 1093 2223 carmen
1124 2147 1236 2222 inele-

129 2299 213 2374 gans
238 2281 273 2348 et
298 2270 383 2371 quod
408 2271 542 2370 placere
572 2294 639 2343 non
660 2279 794 2369 posset,
827 2271 946 2347 deinde
979 2282 1056 2374 post
1079 2271 1236 2348 Caesaris

128 2409 269 2476 mortem
291 2397 464 2473 historiam
489 2395 676 2490 scripsisse.
708 2396 864 2492 Longum
881 2399 1081 2495 opusfuisse
1097 2401 1237 2476 annales

129 2526 283 2601 Senecae
308 2522 409 2596 rerba
434 2518 516 2592 satis
529 2517 767 2592 demonstrant.
817 2521 892 2612 Quo
908 2521 1014 2618 magis
1034 2521 1237 2619 percipimus

132 2673 229 2750 quam
263 2654 339 2745 apte
372 2668 429 2718 eor
455 2639 607 2715 Catullus
633 2639 798 2739 Smyrnae
823 2644 937 2718 Heluii
967 2645 1095 2720 Cinnae
1127 2671 1238 2745 oppo-

130 2777 248 2851 suerit.
298 2771 387 2847 Nam
407 2769 585 2866 Smyrnam
610 2793 743 2843 carmen
764 2770 868 2845 luisse
891 2769 978 2843 lraud
1009 2771 1058 2844 ita
1082 2793 1237 2869 maguum

130 2900 209 2974 inde
249 2897 409 2996 colligere
453 2918 627 2993 possumus
667 2895 755 2994 quod
794 2896 876 2970 dicit
909 2894 1062 2972 Catullus
1095 2894 1238 2971 Cinnam

80 3109 86 3124 ,
131 3050 249 3101 novem
265 3023 360 3096 annis
377 3045 450 3094 eam
470 3020 672 3114 elaborasse,
691 3044 766 3094 cum
783 3021 913 3097 interea
926 3023 1126 3100 Hortensius
1143 3025 1239 3098 milia

132 3151 311 3252 quingenta
337 3147 497 3238 carmina,
522 3145 556 3219 lu.
572 3171 604 3220 e.
628 3146 885 3223 innumerabiles
908 3174 1036 3247 versus,
1057 3177 1123 3226 uno
1137 3175 1238 3250 saepe

132 3279 187 3351 oio
212 3275 377 3362 tunderet.
425 3271 615 3347 Eiusmodi
632 3274 719 3348 enim
736 3274 862 3374 aliquid
885 3276 1006 3351 amisso
1022 3279 1083 3351 illo
1096 3278 1238 3378 paginae

131 3404 184 3477 72
206 3425 305 3476 versu
331 3398 458 3473 decimo
492 3397 615 3473 dictum
646 3398 749 3474 luisse
781 3409 931 3500 apparet.
980 3401 1098 3501 Neque
1123 3427 1239 3500 gram-

131 3529 265 3620 matici,
292 3526 349 3625 qui
373 3545 418 3632 ex
443 3523 587 3622 Smyrna
612 3548 723 3599 versus
744 3536 994 3628 excerpsemnt,
1018 3529 1123 3601 libros
1144 3552 1239 3603 com-

132 3657 337 3756 memorant,
367 3650 427 3725 sel
452 3658 558 3724 totum
583 3675 716 3726 carmen
745 3654 896 3728 libellum
930 3654 1078 3751 appellat
1098 3650 1238 3728 Servius

134 3778 177 3853 al
199 3775 297 3877 Virg.
322 3785 387 3858 ecl.
412 3783 451 3879 9,
475 3785 538 3861 35.
587 3776 683 3850 Πιιο5
710 3777 837 3852 Catulli
858 3778 1041 3852 versiculos
1102 3843 1105 3848 .

184 3909 318 3984 Porro
338 3911 418 3984 mei
436 3911 532 3986 milri
554 3910 635 3986 sinat
657 3907 770 3980 cordi
789 3917 1113 3981 monomenta...
1131 3932 1165 3980 ..·

236 4035 293 4111 Aa
312 4035 481 4137 populus
508 4035 654 4111 tommo
676 4033 853 4128 gaudeat
876 4031 1117 4123 Autricooho,

133 4184 207 4234 cum
239 4161 378 4235 carmini
411 4157 515 4236 XCV
547 4160 696 4234 adiuncti
729 4165 840 4232 essent
871 4166 991 4253 antea,
1016 4159 1100 4234 acite
1123 4152 1242 4229 Laclr-

133 4309 272 4361 mannus
294 4289 471 4387 separarit.
512 4285 748 4362 Nihilominus
767 4307 945 4406 parvorum
958 4287 1241 4359 monumentorum
